% Encoding: UTF-8

@Book{BRINKSMEIER1994,
  title     = {Randschicht-Wrmebehandlung durch Schleifen},
  publisher = {Hanser},
  year      = {1994},
  author    = {BRINKSMEIER, E. and BROCKHOFF, T.},
  volume    = {49},
  address   = {Mnchen, ALLEMAGNE}
}

@Article{Ginder1996,
  author  = {Ginder, J. M.},
  title   = {Rheology controlled by magnetic fields},
  journal = {Encyclopedia Appl. Phys.},
  year    = {1996},
  volume  = {16},
  pages   = {487-503}
}

@Article{Rabinow1948,
  author  = {Rabinow, J.},
  title   = {The magnetic fluid clutch},
  journal = {AIEE Trans.},
  year    = {1948},
  volume  = {67},
  pages   = {1308-1315}
}

@Article{Rokhlin1985,
  author  = {Rokhlin, V.},
  title   = {Rapid solution of integral equations of classical potential theory},
  journal = {Journal of Computational Physics},
  year    = {1985},
  volume  = {60},
  number  = {2},
  pages   = {187-207},
  url     = {http://dx.doi.org/10.1016/0021-9991(85)90002-6}
}

@Book{1985Rosensweig,
  title     = {Ferrohydrodynamics},
  publisher = {Cambridge University Press},
  year      = {1985},
  author    = {Rosensweig, R.E.},
  address   = {London},
}

@InProceedings{Tani1984,
  author  = {Tani, Y. and Kawata, K.},
  title   = {DEVELOPMENT OF HIGH-EFFICIENT FINE FINISHING PROCESS USING MAGNETIC FLUID.},
  year    = {1984},
  volume  = {33},
  number  = {1},
  pages   = {217 - 220},
  address = {Madison, USA},
  issn    = {00078506},
  journal = {CIRP Annals}
}

@Article{Weiss1994,
  author    = {Weiss, Keith D. and Duclos, Theodore G.},
  title     = {Controllable Fluids: The Temperature Dependence of Post-yield Properties},
  year      = {1994},
  volume    = {08},
  number    = {20n21},
  pages     = {3015-3032},
  url       = {http://dx.doi.org/10.1142/S0217979294001275},
  groups    = {微观机理与数值模型},
  journal   = {International Journal of Modern Physics B},
  owner     = {MaLiang},
  timestamp = {2015.12.03}
}

@Article{Winslow1949,
  author    = {Winslow, W.M.},
  title     = {Induced vibration of suspensions},
  journal   = {J. Appl. Phys.},
  year      = {1949},
  volume    = {20},
  pages     = {1137-1140},
  owner     = {Administrator},
  timestamp = {2016.09.14}
}

@Article{Zhu1996b,
  author  = {Zhu, Y. and Gross, M. and Liu, J.},
  title   = {Nucleation theory of structure evolution in magnetorheological fluid},
  journal = {Journal of Intelligent Material Systems and Structures},
  year    = {1996},
  volume  = {7},
  number  = {5},
  pages   = {594-8},
  url     = {http://dx.doi.org/10.1177/1045389X9600700523}
}

@Article{tc2015,
  author  = {佟操 and 孙志礼 and 杨丽 and 孙安邦},
  title   = {一种基于Kriging和Monte Carlo的主动学习可靠度算法},
  journal = {航空学报},
  year    = {2015},
  number  = {09},
  pages   = {2992-3001}
}

@Article{zxb2015,
  author  = {张小兵},
  title   = {基于粘刚塑性模型非球面透镜三维模压成型模拟},
  journal = {兵器材料科学与工程},
  year    = {2015},
  number  = {02},
  pages   = {68-73},
}

@Book{lbm2003,
  title     = {现代磨削技术},
  publisher = {机械工业出版社},
  year      = {2003},
  author    = {李伯民 and 赵波},
  address   = {北京},
}

@Book{lbm2009,
  title     = {磨料、磨具与磨削技术},
  publisher = {化学工业出版社},
  year      = {2009},
  author    = {李伯民 and 赵波 and 李清},
  address   = {北京},
}
﻿

@Article{Klingenberg1990,
  author  = {Klingenberg, D. J. and Zukoski, C. F.},
  title   = {Studies on the steady-shear behavior of electrorheological suspensions},
  journal = {Langmuir},
  year    = {1990},
  volume  = {6},
  number  = {1},
  pages   = {15-24},
}

@Article{Metropolis1953,
  author  = {Metropolis, N. and Rosenbluth, A.W. and Rosenbluth, M.N. and Teller, A.H. and Teller, E.},
  title   = {Equations of state calculations by fast computing machines},
  journal = {The Journal of Chemical Physics},
  year    = {1953},
  volume  = {21},
  pages   = {1087},
}
﻿

@Article{Cook1990,
  author        = {Cook, Lee M.},
  title         = {Chemical processes in glass polishing},
  journal       = {Journal of Non-Crystalline Solids},
  year          = {1990},
  volume        = {120},
  number        = {1},
  pages         = {152-171},
  __markedentry = {[Administrator:]},
  url           = {http://www.sciencedirect.com/science/article/pii/0022309390902006},
}

@Comment{jabref-meta: databaseType:bibtex;}
